<record><leader>00000cas a22000007a 4500</leader><controlfield tag="001">17453144</controlfield><controlfield tag="008">880209c19889999msuwr ne      0    0eng d</controlfield><datafield ind1=" " ind2=" " tag="010"><subfield code="a">sn 88067041 </subfield></datafield><datafield ind1=" " ind2=" " tag="040"><subfield code="a">MSJ</subfield><subfield code="b">eng</subfield><subfield code="c">MSJ</subfield><subfield code="d">OCLCQ</subfield></datafield><datafield ind1=" " ind2=" " tag="042"><subfield code="a">msc</subfield></datafield><datafield ind1="0" ind2="0" tag="245"><subfield code="a">South Mississippi community news.</subfield></datafield><datafield ind1=" " ind2=" " tag="260"><subfield code="a">Hattiesburg, Miss. :</subfield><subfield code="b">Eddie Taylor,</subfield><subfield code="c">1988-</subfield></datafield><datafield ind1=" " ind2=" " tag="310"><subfield code="a">Weekly</subfield></datafield><datafield ind1="0" ind2=" " tag="362"><subfield code="a">Vol. 5, no. 49 (Jan. 14, 1988)-</subfield></datafield><datafield ind1=" " ind2=" " tag="752"><subfield code="a">United States</subfield><subfield code="b">Mississippi</subfield><subfield code="c">Forrest</subfield><subfield code="d">Hattiesburg.</subfield></datafield><datafield ind1="0" ind2="0" tag="780"><subfield code="t">Hub city news</subfield></datafield></record>